@article{schneider2012nih,
  title={{NIH Image to ImageJ: 25 years of image analysis}},
  author={Schneider, Caroline A and Rasband, Wayne S and Eliceiri, Kevin W},
  journal={Nature methods},
  volume={9},
  number={7},
  pages={671--675},
  year={2012},
  publisher={Nature Publishing Group}
}

@book{trefethen2000spectral,
  title={{Spectral Methods in MATLAB}},
  author={Trefethen, Lloyd N},
  volume={10},
  year={2000},
  publisher={SIAM}
}

@book{thomascalculus,
  title={{Cálculo,  varias variables}},
  author={Thomas, George B},
  publisher={Pearson Education},
  year={2010},
  edition={12},
  isbn={978-607-32-0209-1}
}

@article{Kinderlehrer2006,
author = {Kinderlehrer, David and Livshits, Irene and Ta'asan, Shlomo},
doi = {10.1137/030601971},
issn = {1064-8275},
journal = {SIAM Journal on Scientific Computing},
number = {5},
pages = {1694--1715},
title = {{A Variational Approach to Modeling and Simulation of Grain Growth}},
url = {http://epubs.siam.org/doi/abs/10.1137/030601971},
volume = {28},
year = {2006}
}

@article{pikekos2008stochastic,
  title={Stochastic vertex model of recrystallization},
  author={Pi{\k{e}}ko{\'s}, K and Tarasiuk, J and Wierzbanowski, K and Bacroix, B},
  journal={Computational Materials Science},
  volume={42},
  number={1},
  pages={36--42},
  year={2008},
  publisher={Elsevier}
}

@article{pikekos2008generalized,
  title={Generalized vertex model of recrystallization--Application to polycrystalline copper},
  author={Pi{\k{e}}ko{\'s}, K and Tarasiuk, J and Wierzbanowski, K and Bacroix, B},
  journal={Computational Materials Science},
  volume={42},
  number={4},
  pages={584--594},
  year={2008},
  publisher={Elsevier}
}

@article{ferro1997elimination,
  title={{The Elimination of Grains and Grain Boundaries in Grain Growth}},
  author={Ferro, A.C. and Fortes, M.A.},
  journal={Interface Science},
  volume={5},
  number={4},
  pages={263--278},
  year={1997},
  publisher={Springer}
}

@article{torres2015,
author = {Torres, C E and Emelianenko, M and Golovaty, D and Kinderlehrer, D and Ta'asan, S},
doi = {10.1137/140999232},
journal = {SIAM Journal on Applied Mathematics},
number = {2},
pages = {762--786},
title = {{Numerical Analysis of the Vertex Models for Simulating Grain Boundary Networks}},
url = {http://dx.doi.org/10.1137/140999232},
volume = {75},
year = {2015}
}

@inproceedings{kinderlehrermultiscale,
  title={Multiscale Modeling and Simulation of Grain Boundary Evolution},
  author={Kinderlehrer, David and Lee, Jeehyun and Livshits, Irene and Ta'asan, Shlomo and Yu, Peng},
  booktitle={44th AIAA/ASME/ASCE/AHS/ASC Structures, Structural Dynamics, and Materials Conference},
  pages={1611},
  year={2003}
}

@mastersthesis{van2016curvature,
  title={Curvature-driven grain growth},
  author={Van der Boor, BF},
  year={2016},
  type={Master thesis},
  school={Delft University of Technology}
}

@article{sausset2007periodic,
  title={Periodic boundary conditions on the pseudosphere},
  author={Sausset, Fran{\c{c}}ois and Tarjus, Gilles},
  journal={Journal of Physics A: Mathematical and Theoretical},
  volume={40},
  number={43},
  pages={12873},
  year={2007},
  publisher={IOP Publishing}
}

@article{Barmak2013,
author = {Barmak, K. and Eggeling, E. and Kinderlehrer, D. and Sharp, R. and Ta'asan, S. and Rollett, A.D. and Coffey, K.R.},
doi = {10.1016/j.pmatsci.2013.03.004},
issn = {00796425},
journal = {Progress in Materials Science},
month = {aug},
number = {7},
pages = {987--1055},
publisher = {Elsevier Ltd},
title = {{Grain growth and the puzzle of its stagnation in thin films: The curious tale of a tail and an ear}},
url = {http://linkinghub.elsevier.com/retrieve/pii/S0079642513000339},
volume = {58},
year = {2013}
}

@article{BarralesMora2008,
author = {Barrales-Mora, L. A. and Gottstein, G. and Shvindlerman, L. S.},
doi = {10.1016/j.actamat.2008.08.006},
isbn = {1359-6454},
issn = {13596454},
journal = {Acta Materialia},
keywords = {Grain growth,Modelling,Simulation},
number = {20},
pages = {5915--5926},
publisher = {Acta Materialia Inc.},
title = {{Three-dimensional grain growth: Analytical approaches and computer simulations}},
url = {http://dx.doi.org/10.1016/j.actamat.2008.08.006},
volume = {56},
year = {2008}
}


@article{Syha2010,
author = {Syha, M and Weygand, D},
doi = {10.1088/0965-0393/18/1/015010},
isbn = {0965-0393},
issn = {0965-0393},
journal = {Modelling and Simulation in Materials Science and Engineering},
number = {1},
pages = {015010},
title = {{A generalized vertex dynamics model for grain growth in three dimensions}},
url = {http://stacks.iop.org/0965-0393/18/i=1/a=015010?key=crossref.bc6687e299f682001d1f6f85afbb1dbf},
volume = {18},
year = {2010}
}

@inproceedings{sazo2017implicit,
  title={An implicit-transition model for numerical simulation of 3D grain growth},
  author={Sazo, Alejandro HJ and Torres, Claudio E},
  booktitle={2017 36th International Conference of the Chilean Computer Science Society (SCCC)},
  year={2017},
  organization={IEEE}
}

@article{Lazar2011,
author = {Lazar, Emanuel A. and Mason, Jeremy K. and MacPherson, Robert D. and Srolovitz, David J.},
doi = {10.1016/j.actamat.2011.07.052},
isbn = {1359-6454},
issn = {13596454},
journal = {Acta Materialia},
keywords = {Front-tracking method,Grain growth,Modelling,Three dimensions},
number = {17},
pages = {6837--6847},
publisher = {Acta Materialia Inc.},
title = {{A more accurate three-dimensional grain growth algorithm}},
url = {http://dx.doi.org/10.1016/j.actamat.2011.07.052},
volume = {59},
year = {2011}
}

@inproceedings{reem2011geometric,
  title={The geometric stability of Voronoi diagrams with respect to small changes of the sites},
  author={Reem, Daniel},
  booktitle={Proceedings of the twenty-seventh annual symposium on Computational geometry},
  pages={254--263},
  year={2011},
  organization={ACM}
}

@article{mullins1956two,
  title={Two-Dimensional Motion of Idealized Grain Boundaries},
  author={Mullins, William W},
  journal={Journal of Applied Physics},
  volume={27},
  number={8},
  pages={900--904},
  year={1956},
  publisher={AIP}
}

@article{herring1951surface,
  title={Surface tension as a motivation for sintering},
  author={Herring, Conyers},
  journal={The physics of powder metallurgy},
  volume={27},
  number={2},
  pages={143--179},
  year={1951}
}

@article{Zhang2011,
author = {Zhang, Ji-xiang and Wen, Hui and Liu, Yun-teng},
doi = {10.1007/s12204-011-1156-x},
issn = {1007-1172},
journal = {Journal of Shanghai Jiaotong University (Science)},
keywords = {1,7,clc number,mc,monte carlo,o 242,organizational simulation,recrystallization,tg 111},
number = {3},
pages = {337--342},
title = {{Monte Carlo model in metal recrystallization simulation}},
url = {http://www.springerlink.com/index/10.1007/s12204-011-1156-x},
volume = {16},
year = {2011}
}

@mastersthesis{bachelorthesisasazo,
author={Alejandro H. J. Sazo},
title={{Implementación Numérica-Computacional avanzada en GPU y Análisis de un Modelo 2D Acoplado de Grain Growth}},
type={Bachelor's Thesis},
school={{Universidad Técnica Federico Santa María}},
year={2016}
}

@article{Bernacki2011,
author = {Bernacki, M. and Log{\'{e}}, R.E. and Coupez, T.},
doi = {10.1016/j.scriptamat.2010.11.032},
issn = {13596462},
journal = {Scripta Materialia},
keywords = {and mechanical pro-,cesses is more than,ever a problem of,finite element,grain growth,level set,nucleation,of recrystalliza-,prime importance,recrystallization,the understanding and modelling,tion phenomena during thermal},
month = {mar},
number = {6},
pages = {525--528},
title = {{Level set framework for the finite-element modelling of recrystallization and grain growth in polycrystalline materials}},
url = {http://linkinghub.elsevier.com/retrieve/pii/S1359646210007906},
volume = {64},
year = {2011}
}

@article{Mikula2001,
author = {Mikula, Karol and Sevcovic, Daniel},
doi = {10.1137/S0036139999359288},
isbn = {0036139999359},
issn = {00361399},
journal = {{SIAM Journal of Applied Mathematics}},
keywords = {1473,1501,5,61,a ppl,c 2001 society for,industrial and applied mathematics,m ath,m j,no,pp,vol},
month = {jan},
number = {5},
pages = {1473--1501},
title = {{Evolution of Plane Curves Driven by a Nonlinear Function of Curvature and Anisotropy}},
url = {http://epubs.siam.org/doi/10.1137/S0036139999359288},
volume = {61},
year = {2001}
}

@article{Barrett2010,
author = {Barrett, John W. and Garcke, Harald and N{\"{u}}rnberg, R.},
doi = {10.1093/imanum/drp005},
issn = {0272-4979},
journal = {IMA Journal of Numerical Analysis},
keywords = {Anisotropy,Curve diffusion,Curve shortening flow,Elastic flow,Geodesic curvature flows,Geodesics,Parametric finite elements,Surface diffusion,Tangential movement,Willmore flow},
month = {jan},
number = {1},
pages = {4--60},
title = {{Numerical approximation of gradient flows for closed curves in $\mathbb{R}^d$}},
url = {https://academic.oup.com/imajna/article-lookup/doi/10.1093/imanum/drp005},
volume = {30},
year = {2010}
}

@article{Barrett2007,
archivePrefix = {arXiv},
arxivId = {1806.05093},
author = {Barrett, John W. and Garcke, Harald and N{\"{u}}rnberg, Robert},
doi = {10.1016/j.jcp.2006.07.026},
eprint = {1806.05093},
issn = {00219991},
journal = {Journal of Computational Physics},
keywords = {Fourth order parabolic problem,Parametric finite elements,Schur complement,Surface diffusion,Tangential movement,Triple junctions,Willmore flow},
month = {mar},
number = {1},
pages = {441--467},
title = {{A parametric finite element method for fourth order geometric evolution equations}},
url = {http://linkinghub.elsevier.com/retrieve/pii/S0021999106003615},
volume = {222},
year = {2007}
}


@article{Esedoglu2015,
doi = {10.1002/cpa.21527},
file = {:home/asazo/repos/thesis/esedoglu/Lu{\_}et{\_}al-2015-Communications{\_}on{\_}Pure{\_}and{\_}Applied{\_}Mathematics.pdf:pdf},
author = {Esedo\u{g}lu, Selim and Otto, Felix},
issn = {00103640},
journal = {Communications on Pure and  Applied Mathematics},
number = {5},
pages = {808--864},
title = {{Threshold Dynamics for Arbitrary Surface Tensions}},
volume = {68},
year = {2015}
}

@misc{esedoglucode,
  author = {Selim Esedo\u{g}lu},
  title = {Motion of Grain Boundaries in Polycrystalline Materials},
  year = 2015,
  howpublished = {\url{http://www.math.lsa.umich.edu/~esedoglu/Research/grains/grains.html}},
  note = {Accessed: 2018-09-30}
}

@article{Brons2013,
author = {Brons, J. G. and Thompson, G. B.},
doi = {10.1016/j.actamat.2013.02.057},
isbn = {1359-6454},
issn = {13596454},
journal = {{Acta Materialia}},
keywords = {Coincidence lattice,Grain growth,Nanocrystalline thin films,Orientation microscopy,Precession electron diffraction},
number = {11},
pages = {3936--3944},
publisher = {Acta Materialia Inc.},
title = {{A comparison of grain boundary evolution during grain growth in fcc metals}},
url = {http://dx.doi.org/10.1016/j.actamat.2013.02.057},
volume = {61},
year = {2013}
}

@article{Piekos2004,
author = {Pi{\k{e}}ko{\'{s}}, K. and Tarasiuk, Jacek and Wierzbanowski, Krzysztof and Bacroix, Brigitte},
doi = {10.4028/www.scientific.net/MSF.467-470.653},
file = {:home/asazo/.local/share/data/Mendeley Ltd./Mendeley Desktop/Downloaded/Piȩko{\'{s}} et al. - 2004 - Development of two-dimensional vertex type model.pdf:pdf},
issn = {1662-9752},
journal = {{Materials Science Forum}},
keywords = {Crystallographic texture,Grain boundary energy,Nucleation,Recrystallization,Stored energy,Triple points,Vertex model},
month = {oct},
number = {I},
pages = {653--658},
title = {{Development of Two-Dimensional Vertex Type Model}},
url = {https://www.scientific.net/MSF.467-470.653},
volume = {467-470},
year = {2004}
}

@article{Rycroft2009,
archivePrefix = {arXiv},
arxivId = {cond-mat/0402209},
author = {Rycroft, Chris H.},
doi = {10.1063/1.3215722},
eprint = {0402209},
isbn = {doi:10.1063/1.3215722},
issn = {10541500},
journal = {Chaos},
number = {4},
pmid = {20059195},
primaryClass = {cond-mat},
title = {{VORO++: A three-dimensional Voronoi cell library in C++}},
volume = {19},
year = {2009}
}

@book{gottstein2009grain,
  title={Grain boundary migration in metals: thermodynamics, kinetics, applications},
  author={Gottstein, Gunter and Shvindlerman, Lasar S.},
  year={2009},
  publisher={CRC press}
}

@article{Orend2015,
archivePrefix = {arXiv},
arxivId = {1407.4260},
author = {Orend, J. and Hagemann, F. and Klose, F. B. and Maas, B. and Palkowski, H.},
doi = {10.1016/j.msea.2015.08.085},
eprint = {1407.4260},
isbn = {0921-5093},
issn = {09215093},
journal = {Materials Science and Engineering A},
keywords = {Hot rolling,Microstructure,Model,Recrystallization,Simulation,Steel},
number = {2015},
pages = {191--200},
publisher = {Elsevier},
title = {{A new unified approach for modeling recrystallization during hot rolling of steel}},
url = {http://dx.doi.org/10.1016/j.msea.2015.08.085},
volume = {647},
year = {2015}
}


@incollection{raabe2006continuum,
  author={Rollett, Anthony D. and Manohar, Priya},
  title={{The Monte Carlo Method}},
  editor      ={Raabe, Dierk and Roters, Franz and Barlat, Fr{\'e}d{\'e}ric and Chen, Long-Qing},
  booktitle={{Continuum Scale Simulation of Engineering Materials: Fundamentals - Microstructures - Process Applications}},
  publisher={John Wiley \& Sons},
  address     = "Wiley",
  year        = 2006,
  pages       = "76-113",
  chapter     = 4,
}



@unpublished{sazocoupled2018,
author = {Sazo, Alejandro H. J. and Torres, Claudio E. and Ibarra, Pablo and Sanhueza, Ariel and Casas, Francisco and Emelianenko, Maria and Golovaty, Dmitry},
title = {{Derivation and Numerical Implementation of a 2D Grain Growth Coupled Model}},
note={{Work in progress}}
}


@mastersthesis{bachelorthesismunoz,
author={César A. Muñoz},
title={{Análisis de Código en GPU de Crecimiento de Granos}},
type={Bachelor's Thesis},
school={{Universidad Técnica Federico Santa María}},
year={2017}
}

@article{Nickolls:2008:SPP:1365490.1365500,
 author = {Nickolls, John and Buck, Ian and Garland, Michael and Skadron, Kevin},
 title = {{Scalable Parallel Programming with CUDA}},
 journal = {Queue},
 issue_date = {March/April 2008},
 volume = {6},
 number = {2},
 month = mar,
 year = {2008},
 issn = {1542-7730},
 pages = {40--53},
 numpages = {14},
 url = {http://doi.acm.org/10.1145/1365490.1365500},
 doi = {10.1145/1365490.1365500},
 acmid = {1365500},
 publisher = {ACM},
 address = {New York, NY, USA},
} 



@misc{nvidiacuda,
  author = {{NVIDIA Corporation}},
  title = {{NVIDIA Accelerated Computing, CUDA Zone}},
  year = 2018,
  howpublished = {\url{https://developer.nvidia.com/cuda-zone}},
  note = {Accessed: 2018-09-23}
}