@article{schneider2012nih,
  title={{NIH Image to ImageJ: 25 years of image analysis}},
  author={Schneider, Caroline A and Rasband, Wayne S and Eliceiri, Kevin W},
  journal={Nature methods},
  volume={9},
  number={7},
  pages={671--675},
  year={2012},
  publisher={Nature Publishing Group}
}

@book{trefethen2000spectral,
  title={{Spectral Methods in MATLAB}},
  author={Trefethen, Lloyd N},
  volume={10},
  year={2000},
  publisher={SIAM}
}

@book{thomascalculus,
  title={{Cálculo,  varias variables}},
  author={Thomas, George B},
  publisher={Pearson Education},
  year={2010},
  edition={12},
  isbn={978-607-32-0209-1}
}

@article{Kinderlehrer2006,
author = {Kinderlehrer, David and Livshits, Irene and Ta'asan, Shlomo},
doi = {10.1137/030601971},
issn = {1064-8275},
journal = {SIAM Journal on Scientific Computing},
number = {5},
pages = {1694--1715},
title = {{A Variational Approach to Modeling and Simulation of Grain Growth}},
url = {http://epubs.siam.org/doi/abs/10.1137/030601971},
volume = {28},
year = {2006}
}

@article{pikekos2008stochastic,
  title={Stochastic vertex model of recrystallization},
  author={Pi{\k{e}}ko{\'s}, K and Tarasiuk, J and Wierzbanowski, K and Bacroix, B},
  journal={Computational Materials Science},
  volume={42},
  number={1},
  pages={36--42},
  year={2008},
  publisher={Elsevier}
}

@article{pikekos2008generalized,
  title={Generalized vertex model of recrystallization--Application to polycrystalline copper},
  author={Pi{\k{e}}ko{\'s}, K and Tarasiuk, J and Wierzbanowski, K and Bacroix, B},
  journal={Computational materials science},
  volume={42},
  number={4},
  pages={584--594},
  year={2008},
  publisher={Elsevier}
}

@article{ferro1997elimination,
  title={{The Elimination of Grains and Grain Boundaries in Grain Growth}},
  author={Ferro, A.C. and Fortes, M.A.},
  journal={Interface Science},
  volume={5},
  number={4},
  pages={263--278},
  year={1997},
  publisher={Springer}
}

@article{torres2015,
author = {Torres, C E and Emelianenko, M and Golovaty, D and Kinderlehrer, D and Ta'asan, S},
doi = {10.1137/140999232},
journal = {SIAM Journal on Applied Mathematics},
number = {2},
pages = {762--786},
title = {{Numerical Analysis of the Vertex Models for Simulating Grain Boundary Networks}},
url = {http://dx.doi.org/10.1137/140999232},
volume = {75},
year = {2015}
}

@inproceedings{kinderlehrermultiscale,
  title={Multiscale Modeling and Simulation of Grain Boundary Evolution},
  author={Kinderlehrer, David and Lee, Jeehyun and Livshits, Irene and Ta'asan, Shlomo and Yu, Peng},
  booktitle={44th AIAA/ASME/ASCE/AHS/ASC Structures, Structural Dynamics, and Materials Conference},
  pages={1611},
  year={2003}
}

@mastersthesis{van2016curvature,
  title={Curvature-driven grain growth},
  author={Van der Boor, BF},
  year={2016},
  type={Master thesis},
  school={Delft University of Technology}
}

@article{sausset2007periodic,
  title={Periodic boundary conditions on the pseudosphere},
  author={Sausset, Fran{\c{c}}ois and Tarjus, Gilles},
  journal={Journal of Physics A: Mathematical and Theoretical},
  volume={40},
  number={43},
  pages={12873},
  year={2007},
  publisher={IOP Publishing}
}

@article{Barmak2013,
author = {Barmak, K. and Eggeling, E. and Kinderlehrer, D. and Sharp, R. and Ta'asan, S. and Rollett, A.D. and Coffey, K.R.},
doi = {10.1016/j.pmatsci.2013.03.004},
issn = {00796425},
journal = {Progress in Materials Science},
month = {aug},
number = {7},
pages = {987--1055},
publisher = {Elsevier Ltd},
title = {{Grain growth and the puzzle of its stagnation in thin films: The curious tale of a tail and an ear}},
url = {http://linkinghub.elsevier.com/retrieve/pii/S0079642513000339},
volume = {58},
year = {2013}
}

@article{BarralesMora2008,
author = {Barrales-Mora, L. A. and Gottstein, G. and Shvindlerman, L. S.},
doi = {10.1016/j.actamat.2008.08.006},
isbn = {1359-6454},
issn = {13596454},
journal = {Acta Materialia},
keywords = {Grain growth,Modelling,Simulation},
number = {20},
pages = {5915--5926},
publisher = {Acta Materialia Inc.},
title = {{Three-dimensional grain growth: Analytical approaches and computer simulations}},
url = {http://dx.doi.org/10.1016/j.actamat.2008.08.006},
volume = {56},
year = {2008}
}


@article{Syha2010,
author = {Syha, M and Weygand, D},
doi = {10.1088/0965-0393/18/1/015010},
isbn = {0965-0393},
issn = {0965-0393},
journal = {Modelling and Simulation in Materials Science and Engineering},
number = {1},
pages = {015010},
title = {{A generalized vertex dynamics model for grain growth in three dimensions}},
url = {http://stacks.iop.org/0965-0393/18/i=1/a=015010?key=crossref.bc6687e299f682001d1f6f85afbb1dbf},
volume = {18},
year = {2010}
}

@inproceedings{sazo2017implicit,
  title={An implicit-transition model for numerical simulation of 3D grain growth},
  author={Sazo, Alejandro HJ and Torres, Claudio E},
  booktitle={2017 36th International Conference of the Chilean Computer Science Society (SCCC)},
  year={2017},
  organization={IEEE}
}

@article{Lazar2011,
author = {Lazar, Emanuel A. and Mason, Jeremy K. and MacPherson, Robert D. and Srolovitz, David J.},
doi = {10.1016/j.actamat.2011.07.052},
isbn = {1359-6454},
issn = {13596454},
journal = {Acta Materialia},
keywords = {Front-tracking method,Grain growth,Modelling,Three dimensions},
number = {17},
pages = {6837--6847},
publisher = {Acta Materialia Inc.},
title = {{A more accurate three-dimensional grain growth algorithm}},
url = {http://dx.doi.org/10.1016/j.actamat.2011.07.052},
volume = {59},
year = {2011}
}

@inproceedings{reem2011geometric,
  title={The geometric stability of Voronoi diagrams with respect to small changes of the sites},
  author={Reem, Daniel},
  booktitle={Proceedings of the twenty-seventh annual symposium on Computational geometry},
  pages={254--263},
  year={2011},
  organization={ACM}
}

@article{mullins1956two,
  title={Two-Dimensional Motion of Idealized Grain Boundaries},
  author={Mullins, William W},
  journal={Journal of Applied Physics},
  volume={27},
  number={8},
  pages={900--904},
  year={1956},
  publisher={AIP}
}

@article{herring1951surface,
  title={Surface tension as a motivation for sintering},
  author={Herring, Conyers},
  journal={The physics of powder metallurgy},
  volume={27},
  number={2},
  pages={143--179},
  year={1951}
}

@article{Zhang2011,
author = {Zhang, Ji-xiang and Wen, Hui and Liu, Yun-teng},
doi = {10.1007/s12204-011-1156-x},
issn = {1007-1172},
journal = {Journal of Shanghai Jiaotong University (Science)},
keywords = {1,7,clc number,mc,monte carlo,o 242,organizational simulation,recrystallization,tg 111},
number = {3},
pages = {337--342},
title = {{Monte carlo model in metal recrystallization simulation}},
url = {http://www.springerlink.com/index/10.1007/s12204-011-1156-x},
volume = {16},
year = {2011}
}

@mastersthesis{bachelorthesisasazo,
author={Alejandro H. J. Sazo},
title={{Implementación Numérica-Computacional avanzada en GPU y Análisis de un Modelo 2D Acoplado de Grain Growth}},
type={Bachelor's Thesis},
school={{Universidad Técnica Federico Santa María}},
year={2016}
}
